@article{choi2015provean,
  title={PROVEAN web server: a tool to predict the functional effect of amino acid substitutions and indels},
  author={Choi, Yongwook and Chan, Agnes P},
  journal={Bioinformatics},
  volume={31},
  number={16},
  pages={2745--2747},
  year={2015},
  publisher={Oxford University Press}
}

@article{quang2014dann,
  title={DANN: a deep learning approach for annotating the pathogenicity of genetic variants},
  author={Quang, Daniel and Chen, Yifei and Xie, Xiaohui},
  journal={Bioinformatics},
  volume={31},
  number={5},
  pages={761--763},
  year={2014},
  publisher={Oxford University Press}
}

@misc{PolyPhen-2data,
  title = {PolyPhen-2 prediction of functional effects of human nsSNPs.},
  howpublished = {\url{http://genetics.bwh.harvard.edu/pph2/}},
  note = {Accessed: 2018-04-02}
}

@article{katoh2013mafft,
  title={MAFFT multiple sequence alignment software version 7: improvements in performance and usability},
  author={Katoh, Kazutaka and Standley, Daron M},
  journal={Molecular biology and evolution},
  volume={30},
  number={4},
  pages={772--780},
  year={2013},
  publisher={Society for Molecular Biology and Evolution}
}




@article{gonzales2002synonymous,
  title={Synonymous--non-synonymous mutation rates between sequences containing ambiguous nucleotides (Syn-SCAN)},
  author={Gonzales, Matthew J and Dugan, Jonathan M and Shafer, Robert W},
  journal={Bioinformatics},
  volume={18},
  number={6},
  pages={886--887},
  year={2002},
  publisher={Oxford University Press}
}

@article{niroula2015pon,
  title={PON-P2: prediction method for fast and reliable identification of harmful variants},
  author={Niroula, Abhishek and Urolagin, Siddhaling and Vihinen, Mauno},
  journal={PloS one},
  volume={10},
  number={2},
  pages={e0117380},
  year={2015},
  publisher={Public Library of Science}
}

@article{10002010map,
  title={A map of human genome variation from population-scale sequencing},
  author={1000 Genomes Project Consortium and others},
  journal={Nature},
  volume={467},
  number={7319},
  pages={1061},
  year={2010},
  publisher={Nature Publishing Group}
}

@article{reva2011predicting,
  title={Predicting the functional impact of protein mutations: application to cancer genomics},
  author={Reva, Boris and Antipin, Yevgeniy and Sander, Chris},
  journal={Nucleic acids research},
  volume={39},
  number={17},
  pages={e118--e118},
  year={2011},
  publisher={Oxford University Press}
}

@article{nair2013varibench,
  title={VariBench: a benchmark database for variations},
  author={Nair, Preethy Sasidharan and Vihinen, Mauno},
  journal={Human mutation},
  volume={34},
  number={1},
  pages={42--49},
  year={2013},
  publisher={Wiley Online Library}
}

@article{giardine2007phencode,
  title={PhenCode: connecting ENCODE data with mutations and phenotype},
  author={Giardine, Belinda and Riemer, Cathy and Hefferon, Tim and Thomas, Daryl and Hsu, Fan and Zielenski, Julian and Sang, Yunhua and Elnitski, Laura and Cutting, Garry and Trumbower, Heather and others},
  journal={Human mutation},
  volume={28},
  number={6},
  pages={554--562},
  year={2007},
  publisher={Wiley Online Library}
}

@article{sherry2001dbsnp,
  title={dbSNP: the NCBI database of genetic variation},
  author={Sherry, Stephen T and Ward, M-H and Kholodov, M and Baker, J and Phan, Lon and Smigielski, Elizabeth M and Sirotkin, Karl},
  journal={Nucleic acids research},
  volume={29},
  number={1},
  pages={308--311},
  year={2001},
  publisher={Oxford University Press}
}

@article{stenson2009human,
  title={The human gene mutation database: 2008 update},
  author={Stenson, Peter D and Mort, Matthew and Ball, Edward V and Howells, Katy and Phillips, Andrew D and Thomas, Nick ST and Cooper, David N},
  journal={Genome medicine},
  volume={1},
  number={1},
  pages={13},
  year={2009},
  publisher={BioMed Central}
}

@article{henry2014omictools,
  title={OMICtools: an informative directory for multi-omic data analysis},
  author={Henry, Vincent J and Bandrowski, Anita E and Pepin, Anne-Sophie and Gonzalez, Bruno J and Desfeux, Arnaud},
  journal={Database},
  volume={2014},
  year={2014},
  publisher={Oxford University Press}
}

@article{carter2013identifying,
  title={Identifying Mendelian disease genes with the variant effect scoring tool},
  author={Carter, Hannah and Douville, Christopher and Stenson, Peter D and Cooper, David N and Karchin, Rachel},
  journal={BMC genomics},
  volume={14},
  number={3},
  pages={S3},
  year={2013},
  publisher={BioMed Central}
}

@article{niroula2015classification,
  title={Classification of Amino Acid Substitutions in Mismatch Repair Proteins Using PON-MMR2},
  author={Niroula, Abhishek and Vihinen, Mauno},
  journal={Human mutation},
  volume={36},
  number={12},
  pages={1128--1134},
  year={2015},
  publisher={Wiley Online Library}
}

@article{miosge2015comparison,
  title={Comparison of predicted and actual consequences of missense mutations},
  author={Miosge, Lisa A and Field, Matthew A and Sontani, Yovina and Cho, Vicky and Johnson, Simon and Palkova, Anna and Balakishnan, Bhavani and Liang, Rong and Zhang, Yafei and Lyon, Stephen and others},
  journal={Proceedings of the National Academy of Sciences},
  volume={112},
  number={37},
  pages={E5189--E5198},
  year={2015},
  publisher={National Acad Sciences}
}

@article{pearson2013introduction,
  title={An introduction to sequence similarity (“homology”) searching},
  author={Pearson, William R},
  journal={Current protocols in bioinformatics},
  pages={3--1},
  year={2013},
  publisher={Wiley Online Library}
}

@article{wong2014snpdryad,
  title={SNPdryad: predicting deleterious non-synonymous human SNPs using only orthologous protein sequences},
  author={Wong, Ka-Chun and Zhang, Zhaolei},
  journal={Bioinformatics},
  volume={30},
  number={8},
  pages={1112--1119},
  year={2014},
  publisher={Oxford University Press}
}

@article{valdar2002scoring,
  title={Scoring residue conservation},
  author={Valdar, William SJ},
  journal={Proteins: structure, function, and bioinformatics},
  volume={48},
  number={2},
  pages={227--241},
  year={2002},
  publisher={Wiley Online Library}
}

@article{altschul1990basic,
  title={Basic local alignment search tool},
  author={Altschul, Stephen F and Gish, Warren and Miller, Webb and Myers, Eugene W and Lipman, David J},
  journal={Journal of molecular biology},
  volume={215},
  number={3},
  pages={403--410},
  year={1990},
  publisher={Elsevier}
}

@incollection{eddy2009new,
  title={A new generation of homology search tools based on probabilistic inference},
  author={Eddy, Sean R},
  booktitle={Genome Informatics 2009: Genome Informatics Series Vol. 23},
  pages={205--211},
  year={2009},
  publisher={World Scientific}
}

@article{adzhubei2013predicting,
  title={Predicting functional effect of human missense mutations using PolyPhen-2},
  author={Adzhubei, Ivan and Jordan, Daniel M and Sunyaev, Shamil R},
  journal={Current protocols in human genetics},
  pages={7--20},
  year={2013},
  publisher={Wiley Online Library}
}

@article{niroula2017predicting,
  title={Predicting Severity of Disease-Causing Variants},
  author={Niroula, Abhishek and Vihinen, Mauno},
  journal={Human mutation},
  volume={38},
  number={4},
  pages={357--364},
  year={2017},
  publisher={Wiley Online Library}
}

@article{uziela2017proq3d,
  title={ProQ3D: improved model quality assessments using deep learning},
  author={Uziela, Karolis and Men{\'e}ndez Hurtado, David and Shu, Nanjiang and Wallner, Bj{\"o}rn and Elofsson, Arne},
  journal={Bioinformatics},
  volume={33},
  number={10},
  pages={1578--1580},
  year={2017},
  publisher={Oxford University Press}
}

@article{wang2016protein,
  title={Protein secondary structure prediction using deep convolutional neural fields},
  author={Wang, Sheng and Peng, Jian and Ma, Jianzhu and Xu, Jinbo},
  journal={Scientific reports},
  volume={6},
  pages={18962},
  year={2016},
  publisher={Nature Publishing Group}
}

@inproceedings{peng2009conditional,
  title={Conditional neural fields},
  author={Peng, Jian and Bo, Liefeng and Xu, Jinbo},
  booktitle={Advances in neural information processing systems},
  pages={1419--1427},
  year={2009}
}

@article{skwark2014improved,
  title={Improved contact predictions using the recognition of protein like contact patterns},
  author={Skwark, Marcin J and Raimondi, Daniele and Michel, Mirco and Elofsson, Arne},
  journal={PLoS computational biology},
  volume={10},
  number={11},
  pages={e1003889},
  year={2014},
  publisher={Public Library of Science}
}

@article{wang2017accurate,
  title={Accurate de novo prediction of protein contact map by ultra-deep learning model},
  author={Wang, Sheng and Sun, Siqi and Li, Zhen and Zhang, Renyu and Xu, Jinbo},
  journal={PLoS computational biology},
  volume={13},
  number={1},
  pages={e1005324},
  year={2017},
  publisher={Public Library of Science}
}

@article{adhikari2017dncon2,
  title={DNCON2: Improved protein contact prediction using two-level deep convolutional neural networks},
  author={Adhikari, Badri and Hou, Jie and Cheng, Jianlin},
  journal={Bioinformatics},
  year={2017}
}

@article{liu2017deep,
  title={Deep Recurrent Neural Network for Protein Function Prediction from Sequence},
  author={Liu, Xueliang},
  journal={arXiv preprint arXiv:1701.08318},
  year={2017}
}

@article{li2017deepre,
  title={DEEPre: sequence-based enzyme EC number prediction by deep learning},
  author={Li, Yu and Wang, Sheng and Umarov, Ramzan and Xie, Bingqing and Fan, Ming and Li, Lihua and Gao, Xin},
  journal={Bioinformatics},
  volume={1},
  pages={10},
  year={2017},
  publisher={Oxford University Press (OUP)}
}

@article{lin2016must,
  title={MUST-CNN: a multilayer shift-and-stitch deep convolutional architecture for sequence-based protein structure prediction},
  author={Lin, Zeming and Lanchantin, Jack and Qi, Yanjun},
  journal={arXiv preprint arXiv:1605.03004},
  year={2016}
}

@article{hou2017deepsf,
  title={DeepSF: deep convolutional neural network for mapping protein sequences to folds},
  author={Hou, Jie and Adhikari, Badri and Cheng, Jianlin},
  journal={Bioinformatics},
  year={2017}
}

@article{zhou2015predicting,
  title={Predicting effects of noncoding variants with deep learning--based sequence model},
  author={Zhou, Jian and Troyanskaya, Olga G},
  journal={Nature methods},
  volume={12},
  number={10},
  pages={931},
  year={2015},
  publisher={Nature Publishing Group}
}

@article{niroula2016variation,
  title={Variation interpretation predictors: principles, types, performance, and choice},
  author={Niroula, Abhishek and Vihinen, Mauno},
  journal={Human mutation},
  volume={37},
  number={6},
  pages={579--597},
  year={2016},
  publisher={Wiley Online Library}
}

@article{grimm2015evaluation,
  title={The evaluation of tools used to predict the impact of missense variants is hindered by two types of circularity},
  author={Grimm, Dominik G and Azencott, Chlo{\'e}-Agathe and Aicheler, Fabian and Gieraths, Udo and MacArthur, Daniel G and Samocha, Kaitlin E and Cooper, David N and Stenson, Peter D and Daly, Mark J and Smoller, Jordan W and others},
  journal={Human mutation},
  volume={36},
  number={5},
  pages={513--523},
  year={2015},
  publisher={Wiley Online Library}
}

@article{kingma2014adam,
  title={Adam: A method for stochastic optimization},
  author={Kingma, Diederik P and Ba, Jimmy},
  journal={arXiv preprint arXiv:1412.6980},
  year={2014}
}



@article{tang2015goatools,
  title={GOATOOLS: tools for gene ontology},
  author={Tang, H and Klopfenstein, D and Pedersen, B and Flick, P and Sato, K and Ramirez, F and Yunes, J and Mungall, C},
  journal={Zenodo. doi},
  volume={10},
  year={2015}
}

@article{xue2008real,
  title={Real-value prediction of backbone torsion angles},
  author={Xue, Bin and Dor, Ofer and Faraggi, Eshel and Zhou, Yaoqi},
  journal={Proteins: Structure, Function, and Bioinformatics},
  volume={72},
  number={1},
  pages={427--433},
  year={2008},
  publisher={Wiley Online Library}
}

@article{kulmanov2017deepgo,
  title={DeepGO: predicting protein functions from sequence and interactions using a deep ontology-aware classifier},
  author={Kulmanov, Maxat and Khan, Mohammed Asif and Hoehndorf, Robert},
  journal={Bioinformatics},
  year={2017}
}

@misc{PONP2server,
  title = {PON-P2 Prediction},
  howpublished = {\url{http://structure.bmc.lu.se/PON-P2/}},
  note = {Accessed: 2018-04-30}
}

@article{hurtado2018deep,
  title={Deep transfer learning in the assessment of the quality of protein models},
  author={Hurtado, David Men{\'e}ndez and Uziela, Karolis and Elofsson, Arne},
  journal={arXiv preprint arXiv:1804.06281},
  year={2018}
}

@article{ng2006predicting,
  title={Predicting the effects of amino acid substitutions on protein function},
  author={Ng, Pauline C and Henikoff, Steven},
  journal={Annu. Rev. Genomics Hum. Genet.},
  volume={7},
  pages={61--80},
  year={2006},
  publisher={Annual Reviews}
}

@article{kumar2009predicting,
  title={Predicting the effects of coding non-synonymous variants on protein function using the SIFT algorithm},
  author={Kumar, Prateek and Henikoff, Steven and Ng, Pauline C},
  journal={Nature protocols},
  volume={4},
  number={7},
  pages={1073},
  year={2009},
  publisher={Nature Publishing Group}
}

@article{shihab2013predicting,
  title={Predicting the functional, molecular, and phenotypic consequences of amino acid substitutions using hidden Markov models},
  author={Shihab, Hashem A and Gough, Julian and Cooper, David N and Stenson, Peter D and Barker, Gary LA and Edwards, Keith J and Day, Ian NM and Gaunt, Tom R},
  journal={Human mutation},
  volume={34},
  number={1},
  pages={57--65},
  year={2013},
  publisher={Wiley Online Library}
}

@article{qi2018mvp,
  title={MVP: predicting pathogenicity of missense variants by deep learning},
  author={Qi, Hongjian and Chen, Chen and Zhang, Haicang and Long, John J and Chung, Wendy K and Guan, Yongtao and Shen, Yufeng},
  journal={bioRxiv},
  pages={259390},
  year={2018},
  publisher={Cold Spring Harbor Laboratory}
}


@misc{FATHMMserver,
  title = {Functional Analysis through Hidden Markov Models (v2.3)},
  howpublished = {\url{http://fathmm.biocompute.org.uk/inherited.html}},
  note = {Accessed: 2018-05-21}
}

@misc{chollet2015keras,
  title={Keras},
  author={Chollet, Fran{\c{c}}ois and others},
  year={2015}
}

